<record><leader>00000cas a2200000 a 4500</leader><controlfield tag="001">12533101</controlfield><controlfield tag="008">850910d19051907ksusr ne      0    0eng d</controlfield><datafield ind1=" " ind2=" " tag="010"><subfield code="a">sn 85032676 </subfield></datafield><datafield ind1=" " ind2=" " tag="040"><subfield code="a">KSH</subfield><subfield code="b">eng</subfield><subfield code="c">KSH</subfield><subfield code="d">NPT</subfield><subfield code="d">OCL</subfield><subfield code="d">OCLCQ</subfield></datafield><datafield ind1=" " ind2=" " tag="042"><subfield code="a">msc</subfield></datafield><datafield ind1="0" ind2="4" tag="245"><subfield code="a">The Salina union twice-a-week.</subfield></datafield><datafield ind1="1" ind2="7" tag="246"><subfield code="a">Salina union</subfield></datafield><datafield ind1=" " ind2=" " tag="260"><subfield code="a">Salina, Kan. :</subfield><subfield code="b">Central Kansas Pub. Co.,</subfield><subfield code="c">1905-1907.</subfield></datafield><datafield ind1=" " ind2=" " tag="300"><subfield code="a">2 v. :</subfield><subfield code="b">ill. ;</subfield><subfield code="c">54 cm.</subfield></datafield><datafield ind1=" " ind2=" " tag="310"><subfield code="a">Semiweekly</subfield></datafield><datafield ind1="0" ind2=" " tag="362"><subfield code="a">Vol. 15, no. 35 (May 8, 1905) ; v. 15-35, no. 36 (May 11, 1905)-v. 17-41, no. 260 (July 4, 1907).</subfield></datafield><datafield ind1=" " ind2=" " tag="580"><subfield code="a">Issued also in a daily edition called: Salina daily union.</subfield></datafield><datafield ind1=" " ind2=" " tag="752"><subfield code="a">United States</subfield><subfield code="b">Kansas</subfield><subfield code="c">Saline</subfield><subfield code="d">Salina.</subfield></datafield><datafield ind1="1" ind2=" " tag="775"><subfield code="t">Salina daily union</subfield><subfield code="w">(DLC)sn 85032682</subfield></datafield><datafield ind1="0" ind2="0" tag="780"><subfield code="t">Salina weekly union (Salina, Kan. : 1896)</subfield><subfield code="w">(DLC)sn 85032675</subfield></datafield><datafield ind1="0" ind2="0" tag="785"><subfield code="t">Salina union (Salina, Kan. : 1907)</subfield><subfield code="w">(DLC)sn 85032677</subfield></datafield><datafield ind1="1" ind2=" " tag="029"><subfield code="a">AU@</subfield><subfield code="b">000022166732</subfield></datafield></record>